@inproceedings{foo-bar-86,
  author = {A. Foo and B. Bar},
  title = {Title of the Paper},
  booktitle = {Proceedings of the 5th International Conference on BibTeX Examples},
  year = {1986},
  pages = {165--178},
  publisher = {Foo Press},
  location = {New York, NY, USA}
}
