@misc{wiki:fsk,
  author       = {N.N},
  year         = {2021},
  howpublished = {Online https://commons.wikimedia.org/w/index.php?curid=635074},        
},